2742 4967
590 306 888 378 INDEX
904 362 912 368 -
930 308 1682 390 EPIGRAMMArON.
2035 334 2132 403 66
2143 335 2180 403 1

66 497 209 551 Noe³
234 495 351 551 fot-'a
384 506 509 551 sunt
550 502 717 568 nobis,
758 518 867 553 neo·
891 510 1011 554 sunt
1046 506 1339 558 vadimonia
1375 518 1502 561 nota
1612 552 1626 567 .
1692 553 1706 568 .
1778 553 1791 567 .
1874 512 2020 580 XIV,
2065 516 2178 571 13⁵.

60 586 207 636 Neci
228 582 441 653 munna,
478 602 573 639 nee
610 595 663 640 te
688 588 951 653 delectat,
992 590 1221 657 Baetice,
1270 582 1454 646 ttirdus
1514 635 1870 655 .....
1944 599 2046 665 ΠΙ,
2090 604 2176 656 77.

62 668 188 722 Nee
230 668 433 739 poteris
467 673 704 741 similam,
752 674 951 742 poteris
991 687 1261 727 numerare
1302 696 1398 731 nee
1434 696 1560 733 usus
1600 720 1612 736 .
1686 722 1700 738 .
1774 724 1790 739 .
1897 684 2049 751 xm,
2095 684 2178 741 1³0.

58 754 187 807 Nee
226 764 351 822 toga
389 774 484 809 nee
520 758 671 810 loeus
710 766 792 809 est
827 775 922 811 neo
958 760 1115 812 tritus
1152 762 1334 813 eimiee
1362 768 1532 818 lectus
1572 806 1617 839 Δ.
1685 809 1700 825 .
1773 810 1786 823 .
1859 810 1873 823 .
1950 769 2052 837 XI,
2093 772 2176 825 32.

59 842 185 895 Nee
226 838 387 895 ducat
422 846 486 895 ad
522 859 701 895 cenam
738 844 937 897 Marius
968 860 1065 897 nee
1100 862 1312 900 munera
1346 852 1518 903 mittit
1604 891 1620 908 .
1691 891 1707 908 .
1777 893 1791 909 .
1863 895 1878 909 .
1973 856 2051 921 X,
2095 859 2174 911 18.

54 926 255 981 Nemo
268 925 481 980 {habitat
514 932 684 994 gratis
718 932 821 982 nisi
852 932 1005 985 dives
1047 942 1101 987 et
1137 928 1293 991 orbus
1329 938 1464 1005 apud
1504 945 1557 990 te
1607 978 1622 993 .
1693 978 1707 995 .
1776 978 1792 993 .
1865 980 1878 995 .
1951 940 2052 1007 XI,
2089 944 2172 995 83.

54 1014 607 1067 Nemwnolraaealuit
644 1018 721 1068 sie
757 1016 1095 1073 inflammatus
1135 1024 1299 1073 amica
1346 1062 1876 1080 .......
1973 1024 2045 1092 Χ,
2083 1027 2169 1080 86.

52 1096 315 1167 Nequius
338 1100 544 1155 a'Caro
583 1104 710 1154 nihil
748 1098 987 1172 unquam,
1027 1104 1270 1173 Maxime,
1317 1108 1509 1160 faetuni
1548 1116 1631 1160 est
1695 1150 1709 1165 .
1782 1152 1794 1165 .
1868 1150 1884 1168 .
1973 1110 2046 1177 X,
2083 1114 2166 1166 77.

53 1185 290 1242 Nescio*-
303 1187 439 1255 quid.
456 1188 523 1239 de
553 1196 607 1240 te
646 1205 746 1240 uon
775 1190 955 1257 belle,¹
982 1192 1157 1245 -Ilento
1179 1231 1194 1259 ‚
1232 1193 1418 1247 fateris
1516 1234 1528 1249 .
1602 1232 1614 1248 .
1687 1234 1700 1251 .
1773 1236 1788 1251 .
1892 1194 2041 1262 vm,
2079 1198 2164 1252 31.

52 1270 405 1325 Neseioftah
428 1274 619 1326 multis
660 1275 785 1342 quid
819 1277 1041 1343 scribas,
1080 1278 1293 1345 Fausto,
1336 1282 1526 1347 puellis
1599 1321 1611 1334 .
1687 1320 1702 1335 .
1772 1319 1785 1336 .
1823 1296 1872 1337 ‘.
1943 1282 2044 1348 XI,
2077 1282 2164 1337 64.

52 1358 481 1425 Nescit5-'crede
514 1362 660 1426 mibi,
700 1362 822 1428 quid
860 1363 965 1413 sint
1002 1362 1390 1432 epigrammata,
1428 1366 1618 1418 Flacoe
1689 1406 1702 1421 .
1774 1404 1796 1421 ..
1861 1404 1874 1421 .
1941 1366 2040 1433 IV,·
2078 1365 2164 1422 49.

49 1443 278 1511 Nescit,-
312 1446 397 1497 eui
426 1446 637 1498 dederit
672 1446 882 1516 Tyriam
906 1448 1191 1517 Crispinus
1226 1443 1448 1504 abollain
1517 1491 1531 1508 .
1600 1490 1616 1508 .
1686 1491 1700 1507 .
1773 1491 1785 1507 .
1892 1451 2042 1519 vm,
2077 1452 2162 1509 48.

46 1528 508 1583 ΝῐΙιὶ1.Μιιιιιῖιιιο
546 1540 771 1601 praeter·
790 1532 987 1585 aridam
1025 1542 1219 1586 restem
1325 1576 1860 1596 .......
1944 1537 2036 1605 lv,
2075 1542 2161 1595 70.

45 1614 209 1669 Nihil
244 1616 331 1668 est
362 1618 605 1670 miserius
636 1635 800 1687 neque
838 1620 1070 1683 gulosius
1110 1618 1300 1672 santra
1336 1661 1867 1681 .......
1916 1622 2037 1690 VH,
2075 1628 2160 1679 20.
2234 1637 2246 1649 '

48 1702 145 1755 Nil
185 1702 601 1772 aliud.loqueris
642 1720 791 1773 quam
824 1705 1030 1757 Thesea
1066 1706 1452 1776 Pirithoumque
1501 1745 1861 1765 .....
1961 1707 2034 1777 Χ,
2077 1714 2158 1763 11.

48 1788 145 1841 Nil
190 1796 280 1841 est
313 1790 489 1840 teitius
528 1790 721 1859 Hedyli
760 1793 985 1843 lacernis
1070 1830 1860 1849 ..........
1929 1794 2029 1860 IX,
2075 1796 2160 1849 57.

48 1874 147 1927 Nil
185 1877 243 1927 in
276 1884 331 1927 te
368 1876 557 1944 scripsi
580 1915 595 1943 ,
643 1876 936 1945 Bithynice.
1010 1878 1241 1929 Credere
1277 1881 1493 1931 non-vis
1582 1919 1595 1935 .
1668 1918 1680 1934 .
1753 1916 1766 1933 .
1839 1918 1854 1933 .
1903 1878 2035 1945 ΧΠ,
2073 1882 2157 1934 78.

48 1962 144 2015 Nil
186 1964 545 2030 intemptatum
577 1960 772 2026 Selium,
813 1962 885 2013 nil
921 1963 1108 2030 linquit
1147 1964 1387 2017 inausum
1420 2001 1864 2020 ......
1955 1963 2030 2028 11,
2076 1963 2157 2019 14.

46 2047 144 2101 Nil
182 2047 441 2099 lascivius
478 2052 561 2097 est
594 2045 909 2100 Charisiano
986 2086 1862 2106 ...........
1935 2048 2034 2115 VI,
2071 2049 2156 2103 24.

47 2133 141 2185 Nil
180 2132 312 2184 mibi
348 2132 441 2183 das
476 2132 663 2197 vivus3
715 2133 848 2184 dieis
883 2141 1005 2201 post
1034 2135 1143 2185 fata
1184 2135 1422 2187 daturum
1507 2174 1863 2193 .....
1857 2154 1877 2176 Ν
1935 2136 2034 2203 xl,
2071 2138 2158 2193 67.

48 2220 161 2272 Nil
178 2218 555 2283 miserabilius,
594 2217 791 2285 Matho,
831 2220 1115 2285 paedieone
1158 2220 1367 2274 Sabello
1411 2278 1426 2295 ,
1421 2259 1864 2279 ......
1936 2220 2030 2288 vl,
2071 2226 2154 2277 33.

50 2308 155 2361 Nil
185 2322 323 2371 non,
361 2304 573 2373 Lygdo,
609 2304 734 2355 mihi
767 2320 928 2370 negas
963 2308 1170 2371 roganti
1238 2343 1865 2365 ........
1906 2306 2033 2374 xn,
2067 2308 2154 2365 71.

48 2394 147 2447 Nil
184 2392 383 2442 recitas
418 2396 475 2441 et
508 2388 611 2451 vis,
649 2388 929 2456 Mamerco,
968 2398 1121 2459 poeta
1153 2392 1324 2443 videri
1421 2431 1864 2449 ......
1950 2392 2032 2459 11,
2069 2396 2154 2449 88.

49 2478 147 2531 Nil
185 2476 283 2529 tibi
318 2475 519 2540 legavit
550 2474 765 2540 Fabius,
803 2476 1097 2545 Bithynice,
1136 2476 1223 2529 oui
1254 2484 1313 2531 tn
1416 2515 1433 2533 .
1503 2516 1518 2535 .
1590 2517 1604 2534 .
1649 2511 1688 2532 ι.
1759 2494 1773 2533 ;
1844 2516 1860 2534 .
1959 2478 2059 2545 ῙΧ,
2101 2478 2154 2532 9.

51 2558 322 2619 Νἰὶἰαοιιιίι
356 2561 552 2613 ridebis
590 2561 704 2612 elus
738 2562 988 2630 lanasque
1024 2577 1276 2631 sequaces
1324 2601 1770 2621 ......
1866 2562 2030 2631 xm,
2067 2566 2152 2620 5⁷.

52 2646 287 2705 Nobilis
308 2656 365 2699 et
392 2647 533 2699 lanis
566 2654 623 2699 et
658 2646 785 2699 felix
818 2648 1015 2699 vitibus
1048 2649 1217 2701 Aulon
1328 2686 1774 2707 ......
1842 2650 1996 2717 xm,
2036 2652 2152 2705 125.

56 2736 304 2789 Nobilius
320 2734 533 2786 -villosa
575 2739 756 2797 tegant
794 2732 891 2783 tibi
927 2734 1091 2785 lintea
1129 2736 1316 2786 citrum
1405 2742 1449 2791 .’
1491 2775 1505 2791 .
1576 2775 1590 2791 .
1657 2738 1677 2792 ‘.
1749 2776 1764 2791 .
1847 2736 1994 2804 XIV,
2035 2740 2152 2791 138.

52 2822 103 2875 N
108 2824 363 2886 oluerain,
403 2817 676 2886 Polytime,
713 2826 834 2870 tuos
868 2820 1069 2871 violare
1104 2822 1329 2888 capillos
1401 2858 1416 2875 .
1449 2842 1454 2851 ·
1488 2861 1849 2877 .....
1903 2822 2030 2888 ΧΠ,
2065 2821 2152 2877 84.

55 2909 259 2962 Nomen
300 2921 415 2959 eum
464 2905 621 2956 violis
657 2905 898 2973 rosisque
932 2913 1105 2957 natum
1140 2944 1842 2963 .........
1931 2906 2031 2972 IX,
2069 2909 2152 2959 11.

55 2994 259 3049 Nomen
294 2992 455 3043 habes
492 2992 662 3042 teneri
695 2992 832 3061 quod
865 3000 1096 3059 tempora
1130 2998 1393 3059 nuncupat
1427 2992 1549 3043 anni
1650 3031 1665 3047 .
1736 3030 1752 3045 .
1825 3029 1838 3045 .
1930 2989 2030 3055 IX,
2069 2992 2152 3044 13.

56 3080 260 3135 Nomen
294 3078 452 3130 habet
491 3078 663 3141 magni
698 3077 931 3129 volucris
972 3085 1078 3129 tam
1112 3091 1273 3144 parva
1313 3077 1570 3142 gigantis!
1652 3115 1666 3132 .
1738 3116 1753 3132 .
1824 3114 1838 3130 .
1873 3072 2028 3142 xm,
2064 3078 2150 3131 78.

58 3166 385 3221 Nomentana
417 3178 584 3215 meum
616 3164 717 3215 tibi
754 3164 845 3216 dat
883 3164 1145 3216 vindemia
1178 3163 1436 3215 Bacchum
1487 3201 1501 3219 .
1573 3202 1586 3218 .
1656 3202 1671 3218 .
1742 3202 1756 3219 .
1827 3162 1987 3225 xm,
2030 3162 2151 3216 119.

56 3252 282 3307 Nomina
315 3250 562 3302 candelae
602 3248 748 3301 nobis
785 3249 1000 3317 antiqua
1032 3250 1286 3302 dederunt
1320 3288 1335 3307 .
1406 3288 1421 3305 .
1492 3288 1507 3305 .
1577 3264 1611 3305 .'
1665 3288 1680 3304 .
1752 3287 1766 3304 .
1873 3248 2023 3314 XIV,
2065 3246 2151 3301 43.

59 3338 282 3393 Nomina
318 3338 408 3388 dat
442 3335 669 3403 spondae
706 3334 859 3403 pictis
895 3336 1241 3404 pulcherrima
1274 3337 1445 3404 pinnis
1491 3373 1506 3389 .
1579 3374 1593 3389 .
1661 3355 1682 3390 .·
1751 3374 1770 3389 .
1869 3333 2024 3400 XlV,
2061 3334 2150 3387 85.-

60 3424 175 3479 Non
219 3440 335 3477 amo
368 3422 505 3490 quod
541 3420 737 3488 vineat,
778 3421 869 3472 sed
906 3423 1043 3489 quod
1081 3423 1416 3475 sneeumbere
1455 3422 1630 3473 novit·
1657 3428 1679 3475 ἰ
1723 3424 1764 3476 '.
1835 3418 1980 3486 XIV,
2025 3422 2147 3473 201.
2229 3442 2234 3447 ·

61 3510 176 3565 Nou
214 3526 329 3561 nino
366 3516 439 3574 te,
484 3506 683 3573 Sabidi,
729 3522 825 3557 nee
851 3522 1060 3574 possum
1094 3508 1273 3560 dicere
1314 3526 1476 3577 quare
1573 3550 1587 3565 .
1658 3523 1694 3565 .'
1737 3522 1758 3563 ¹.
1828 3546 1841 3563 .
1913 3546 1927 3561 .
1981 3506 2024 3571 1,
2065 3507 2149 3559 32.

63 3596 177 3650 Non
216 3602 375 3649 oen-t
410 3594 521 3645 sine
560 3608 683 3661 apro
718 3599 933 3659 noster,
974 3593 1124 3659 Tite,
1170 3596 1498 3649 Caeoilianus
1571 3638 1584 3650 .
1658 3636 1672 3650 .
1825 3632 1842 3648 .
1909 3588 2034 3657 Vll,-
2065 3590 2150 3645 59.

65 3682 177 3737 Non
206 3682 280 3733 de
316 3681 471 3748 plebe
509 3680 721 3745 domus,
765 3668 877 3728 fiee
898 3694 1089 3730 avarae
1128 3696 1289 3732 verna
1326 3692 1560 3735 catastae
1618 3702 1626 3709 ·
1656 3723 1669 3736 .
1711 3686 1756 3735 '.
1827 3718 1840 3733 .
1933 3676 2027 3744 vl,
2064 3678 2150 3731 29.

66 3768 176 3821 Non
213 3769 280 3819 de
314 3767 368 3819 vi
406 3779 571 3833 neque
610 3765 767 3817 caede
812 3778 907 3815 nee
944 3780 1149 3817 veneno
1219 3804 1834 3824 ........
1928 3762 2022 3831 Vl,
2071 3764 2150 3818 19.

67 3854 177 3905 Non
214 3855 417 3921 diem,
457 3856 584 3906 licet
614 3868 779 3923 usque
814 3868 893 3905 me
929 3852 1133 3915 rogetis
1225 3891 1239 3908 .
1312 3893 1326 3908 .
1399 3893 1412 3909 .
1483 3858 1518 3909 .‘
1742 3856 1758 3906 .’
1827 3854 1872 3907 5¹
1944 3848 2025 3916 11,
2062 3854 2152 3905 23.-

70 3940 179 3995 Nou
214 3942 346 4006 dixi,
384 3940 661 4007 Con-aeine,
702 3950 755 3991 te
800 3938 1069 3992 cinaedum
1137 3976 1153 3993 .
1224 3976 1241 3995 .
1309 3978 1325 3994 .
1368 3962 1412 3993 ·.·
1481 3978 1496 3993 .
1607 3963 1612 3969 ·
1637 3939 1696 3994 ’ζ’
1742 3979 1754 3993 .
1807 3938 1873 3991 ².²
1929 3936 2028 4002 iv,
2064 3934 2149 3990 43.

70 4029 183 4079 Non
222 4027 404 4078 donem
442 4028 539 4081 tibi
562 4025 672 4077 -eur
707 4042 849 4077 meos
890 4025 1097 4078 libellos
1141 4065 1155 4079 .
1226 4063 1240 4078 .
1312 4062 1326 4079 .
1397 4050 1413 4079 ·.
1485 4064 1499 4080 .
1570 4063 1583 4078 .
1655 4012 1678 4080 .'
1740 4063 1753 4077 .
1803 4042 1842 4078 ·.·
1912 4032 1925 4075 ζ
1962 4022 2028 4087 V,
2063 4022 2150 4074 73.

70 4112 181 4163 Non
220 4108 327 4163 e'rit
361 4112 413 4163 in
447 4113 602 4164 turba
643 4112 911 4180 quisquam
945 4109 1292 4180 Μισοῦρονος
1323 4112 1430 4163 ista
1485 4150 1499 4164 .
1567 4150 1581 4163 .
1653 4151 1667 4164 .
1739 4150 1753 4164 .
1809 4123 1816 4134 ’
1847 4108 1993 4172 XW,
2031 4103 2159 4181 214!

74 4196 184 4251 Non
226 4194 319 4249 e's't
346 4199 399 4249 in
434 4200 619 4266 populo
660 4213 754 4250 nee
789 4199 916 4261 urbe
952 4205 1063 4250 tota
1146 4235 1757 4252 ........
1819 4208 1843 4248 ·.
1899 4178 1904 4186 ¹
1934 4192 2026 4259 IV,
2057 4182 2153 4248 ἶ84νῖ

73 4283 187 4337 Non
226 4279 313 4337 ἀεὶ
351 4284 455 4337 ista
490 4302 709 4352 reeens,
747 4286 840 4337 sed
876 4288 1041 4337 nostri
1080 4284 1249 4349 gloria
1282 4283 1418 4335 eaeli
1479 4320 1495 4336 .
1568 4320 1582 4334 .
1653 4292 1668 4334 ·.
1741 4318 1754 4333 .
1781 4274 1789 4311 ἶ
1821 4298 1840 4334 ·.
1890 4278 2035 4347 XIV,
2069 4280 2156 4335 93.
